@book{Suppes1970,
  title={A Probablistic Theory of Causality},
  author={Suppes, Patrick},
  year={1970},
  publisher={North Holland Publishing Company}
}

@book{Illari2014,
  title={Causality: Philosophical Theory Meets Scientific Practice},
  author={Illari, P. and Russo, F.},
  isbn={9780199662678},
  lccn={2014939866},
  year={2014},
  publisher={Oxford University Press}
}

@article{Granger1980,
title = "Testing for causality: A personal viewpoint ",
journal = "Journal of Economic Dynamics and Control ",
volume = "2",
number = "0",
pages = "329 - 352",
year = "1980",
note = "",
issn = "0165-1889",
doi = "http://dx.doi.org/10.1016/0165-1889(80)90069-X",
author = "C.W.J. Granger"
}

@book{Kleinberg2012,
  title={Causality, Probability, and Time},
  author={Kleinberg, S.},
  isbn={9781107026483},
  lccn={2012021047},
  series={Causality, Probability, and Time},
  year={2012},
  publisher={Cambridge University Press}
}

@article{Ancona2004,
  title = {Radial basis function approach to nonlinear Granger causality of time series},
  author = {Ancona, Nicola and Marinazzo, Daniele and Stramaglia, Sebastiano},
  journal = {Phys. Rev. E},
  volume = {70},
  issue = {5},
  pages = {056221},
  numpages = {7},
  year = {2004},
  month = {Nov},
  publisher = {American Physical Society},
  doi = {10.1103/PhysRevE.70.056221},
  url = {http://link.aps.org/doi/10.1103/PhysRevE.70.056221}
}

@book{Pearl2000,
  title={Causality: Models, Reasoning, and Inference},
  isbn={9780521773621},
  author={Pearl, J.},
  isbn={9780521773621},
  lccn={99042108},
  year={2000},
  publisher={Cambridge University Press}
}

@article{Weigel2014,
  title = {Convergent cross-mapping and pairwise asymmetric inference},
  author = {McCracken, James M. and Weigel, Robert S.},
  journal = {Phys. Rev. E},
  volume = {90},
  issue = {6},
  pages = {062903},
  numpages = {7},
  year = {2014},
  month = {Dec},
  publisher = {American Physical Society},
  doi = {10.1103/PhysRevE.90.062903},
  url = {http://link.aps.org/doi/10.1103/PhysRevE.90.062903}
}

@book{Kantz2004,
  title={Nonlinear Time Series Analysis},
  author={Kantz, H. and Schreiber, T.},
  isbn={9780521529020},
  lccn={2003044031},
  series={Cambridge nonlinear science series},
  year={2004},
  publisher={Cambridge University Press}
}

@book{Box2013,
  title={Time Series Analysis: Forecasting and Control},
  author={Box, G.E.P. and Jenkins, G.M. and Reinsel, G.C.},
  isbn={9781118619063},
  series={Wiley Series in Probability and Statistics},
  year={2013},
  publisher={Wiley}
}

@article{Wand1997,
author = { M. P. Wand },
title = {Data-Based Choice of Histogram Bin Width},
journal = {The American Statistician},
volume = {51},
number = {1},
pages = {59-64},
year = {1997},
doi = {10.1080/00031305.1997.10473591},
}

@article{Sugihara2012,
author = {Sugihara, George and May, Robert and Ye, Hao and Hsieh, Chih-hao and Deyle, Ethan and Fogarty, Michael and Munch, Stephan}, 
volume = {338}, 
title = {Detecting Causality in Complex Ecosystems},
volume = {338}, 
number = {6106}, 
pages = {496-500}, 
year = {2012}, 
doi = {10.1126/science.1227079}, 
journal = {Science} 
}

@article{Granger1969,
     jstor_articletype = {research-article},
     title = {Investigating Causal Relations by Econometric Models and Cross-spectral Methods},
     author = {Granger, C. W. J.},
     journal = {Econometrica},
     jstor_issuetitle = {},
     volume = {37},
     number = {3},
     jstor_formatteddate = {Aug., 1969},
     pages = {pp. 424-438},
     url = {http://www.jstor.org/stable/1912791},
     ISSN = {00129682},
     language = {English},
     year = {1969},
     publisher = {The Econometric Society},
     copyright = {Copyright Â© 1969 The Econometric Society},
}

@article{Granger1963,
title = "Economic processes involving feedback",
journal = "Information and Control",
volume = "6",
number = "1",
pages = "28 - 48",
year = "1963",
note = "",
issn = "0019-9958",
doi = "http://dx.doi.org/10.1016/S0019-9958(63)90092-5",
url = "http://www.sciencedirect.com/science/article/pii/S0019995863900925",
author = "C.W.J. Granger",
}

@article{Pierce1977,
title = "Causality in temporal systems",
journal = "Journal of Econometrics",
volume = "5",
number = "3",
pages = "265 - 293",
year = "1977",
note = "",
issn = "0304-4076",
doi = "http://dx.doi.org/10.1016/0304-4076(77)90039-2",
url = "http://www.sciencedirect.com/science/article/pii/0304407677900392",
author = "David A. Pierce and Larry D. Haugh",
}

@article{Schwert1979,
title = "Tests of causality",
journal = "Carnegie-Rochester Conference Series on Public Policy",
volume = "10",
number = "",
pages = "55 - 96",
year = "1979",
note = "",
issn = "0167-2231",
doi = "http://dx.doi.org/10.1016/0167-2231(79)90003-4",
url = "http://www.sciencedirect.com/science/article/pii/0167223179900034",
author = "G. William Schwert",
}

@article {Jacobs1979,
author = {Jacobs, Rodney L. and Leamer, Edward E. and Ward, Michael P.},
title = {DIFFICULTIES WITH TESTING FOR CAUSATION*},
journal = {Economic Inquiry},
volume = {17},
number = {3},
publisher = {Blackwell Publishing Ltd},
issn = {1465-7295},
url = {http://dx.doi.org/10.1111/j.1465-7295.1979.tb00538.x},
doi = {10.1111/j.1465-7295.1979.tb00538.x},
pages = {401--413},
year = {1979},
}

@article{Schreiber2000,
  title = {Measuring Information Transfer},
  author = {Schreiber, Thomas},
  journal = {Phys. Rev. Lett.},
  volume = {85},
  issue = {2},
  pages = {461--464},
  numpages = {0},
  year = {2000},
  month = {Jul},
  publisher = {American Physical Society},
  doi = {10.1103/PhysRevLett.85.461},
}

@article{Mcnames2007,
  title={Establishing causality with whitened cross-correlation analysis},
  author={El-Gohary, Mahmoud and McNames, James},
  journal={Biomedical Engineering, IEEE Transactions on},
  volume={54},
  number={12},
  pages={2214--2222},
  year={2007},
  publisher={IEEE}
}

@article{Rogosa1980,
  title={A critique of cross-lagged correlation.},
  author={Rogosa, David},
  journal={Psychological Bulletin},
  volume={88},
  number={2},
  pages={245},
  year={1980},
  publisher={American Psychological Association}
}

@article{Toda1994,
author = { Hiro Y. Toda  and  Peter C. B. Phillips },
title = {Vector autoregression and causality: a theoretical overview and simulation study},
journal = {Econometric Reviews},
volume = {13},
number = {2},
pages = {259-285},
year = {1994},
doi = {10.1080/07474939408800286},
URL = {http://dx.doi.org/10.1080/07474939408800286},
eprint = {http://dx.doi.org/10.1080/07474939408800286}
}

@book{Casella2002,
  title={Statistical Inference},
  author={Casella, G. and Berger, R.L.},
  isbn={9780534243128},
  lccn={2001025794},
  series={Duxbury advanced series in statistics and decision sciences},
  year={2002},
  publisher={Thomson Learning}
}

@book{Rubin2015,
  title={Causal Inference in Statistics, Social, and Biomedical Sciences: An Introduction},
  author={Imbens, G.W. and Rubin, D.B.},
  isbn={9781316094396},
  year={2015},
  publisher={Cambridge University Press}
}

@book{Efron1994,
  title={An Introduction to the Bootstrap},
  author={Efron, B. and Tibshirani, R.J.},
  isbn={9780412042317},
  lccn={93004489},
  series={Chapman \& Hall/CRC Monographs on Statistics \& Applied Probability},
  year={1994},
  publisher={Taylor \& Francis}
}