@article{Kraus1971,
title = {General state changes in quantum theory},
journal = {Annals of Physics},
volume = {64},
number = {2},
pages = {311-335},
year = {1971},
author = {K Kraus}
}
@article{Kraus1969,
year={1969},
issn={0010-3616},
journal={Communications in Mathematical Physics},
volume={11},
number={3},
doi={10.1007/BF01645807},
title={Pure operations and measurements},
url={http://dx.doi.org/10.1007/BF01645807},
publisher={Springer-Verlag},
author={Hellwig, K.-E. and Kraus, K.},
pages={214-220},
language={English}
}
@article{Lindblad1976,
year={1976},
issn={0010-3616},
journal={Communications in Mathematical Physics},
volume={48},
number={2},
doi={10.1007/BF01608499},
title={On the generators of quantum dynamical semigroups},
url={http://dx.doi.org/10.1007/BF01608499},
publisher={Springer-Verlag},
author={Lindblad, G.},
pages={119-130},
language={English}
}
@article{Rodríguez2012,
	author = {{Rodríguez-Rosario, C. A.} and {Modi, K.} and {Mazzola, L.} and {Aspuru-Guzik, A.}},
	title = {Unification of witnessing initial system-environment correlations and witnessing non-Markovianity},
	DOI= "10.1209/0295-5075/99/20010",
	url= "http://dx.doi.org/10.1209/0295-5075/99/20010",
	journal = {EPL},
	year = 2012,
	volume = 99,
	number = 2,
	pages = "20010",
	month = "",
}
@article{Mazzola2012,
  title = {Dynamical role of system-environment correlations in non-Markovian dynamics},
  author = {Mazzola, Laura and Rodriguez-Rosario, C\'esar A. and Modi, Kavan and Paternostro, Mauro},
  journal = {Phys. Rev. A},
  volume = {86},
  issue = {1},
  pages = {010102},
  numpages = {4},
  year = {2012},
  month = {Jul},
  publisher = {American Physical Society},
  doi = {10.1103/PhysRevA.86.010102},
  url = {http://link.aps.org/doi/10.1103/PhysRevA.86.010102}
}

@article{Sudarshan1961,
  title = {Stochastic Dynamics of Quantum-Mechanical Systems},
  author = {Sudarshan, E. C. G. and Mathews, P. M. and Rau, Jayaseetha},
  journal = {Phys. Rev.},
  volume = {121},
  issue = {3},
  pages = {920--924},
  year = {1961},
  month = {Feb},
  doi = {10.1103/PhysRev.121.920},
  url = {http://link.aps.org/doi/10.1103/PhysRev.121.920},
  publisher = {American Physical Society}
}

@Book{vonNeumann1947,
  author =       "John von Neumann",
  title =        "The Mathematical Foundations of Quantum Mechanics",
  publisher =    "Felix Alcan",
  address =      "Paris, France",
  pages =        "336",
  year =         "1947",
  bibdate =      "Mon Jun 06 19:17:03 2005",
  bibsource =    "http://www.math.utah.edu/pub/bibnet/authors/v/von-neumann-john.bib",
  ZMnumber =     "0029.28705",
  acknowledgement = ack-nhfb,
}

@article{Carteret2008,
  title = {Dynamics beyond completely positive maps: Some properties and applications},
  author = {Carteret, Hilary A. and Terno, Daniel R. and Zyczkowski, Karol},
  journal = {Phys. Rev. A},
  volume = {77},
  issue = {4},
  pages = {042113},
  numpages = {8},
  year = {2008},
  month = {Apr},
  doi = {10.1103/PhysRevA.77.042113},
  url = {http://link.aps.org/doi/10.1103/PhysRevA.77.042113},
  publisher = {American Physical Society}
}


@book{blum1996,
  title={Density Matrix Theory and Applications},
  author={Blum, K.},
  isbn={9780306453410},
  lccn={96021443},
  series={Physics of Atoms and Molecules},
  year={1996},
  publisher={Springer}
}

@article{Jordan2004,
  title = {Dynamics of initially entangled open quantum systems},
  author = {Jordan, Thomas F. and Shaji, Anil and Sudarshan, E. C. G.},
  journal = {Phys. Rev. A},
  volume = {70},
  issue = {5},
  pages = {052110},
  numpages = {14},
  year = {2004},
  month = {Nov},
  doi = {10.1103/PhysRevA.70.052110},
  url = {http://link.aps.org/doi/10.1103/PhysRevA.70.052110},
  publisher = {American Physical Society}
}

@article{Sudarshen2007,
  title = {How state preparation can affect a quantum experiment: Quantum process tomography for open systems},
  author = {Kuah, Aik-meng and Modi, Kavan and Rodriguez-Rosario, Cesar A. and Sudarshan, E. C. G.},
  journal = {Phys. Rev. A},
  volume = {76},
  issue = {4},
  pages = {042113},
  numpages = {12},
  year = {2007},
  month = {Oct},
  doi = {10.1103/PhysRevA.76.042113},
  url = {http://link.aps.org/doi/10.1103/PhysRevA.76.042113},
  publisher = {American Physical Society}
}

@article{Aguiar2005,
  author={L S Aguiar and P P Munhoz and A Vidiella-Barranco and J A Roversi},
  title={The entanglement of two dipole-dipole coupled atoms in a cavity interacting with a thermal field},
  journal={Journal of Optics B: Quantum and Semiclassical Optics},
  volume={7},
  number={12},
  pages={S769},
  url={http://stacks.iop.org/1464-4266/7/i=12/a=049},
  year={2005},
}
	

@article{Zurek2003,
  title = {Decoherence, einselection, and the quantum origins of the classical},
  author = {Zurek, Wojciech Hubert},
  journal = {Rev. Mod. Phys.},
  volume = {75},
  issue = {3},
  pages = {715--775},
  year = {2003},
  month = {May},
  doi = {10.1103/RevModPhys.75.715},
  url = {http://link.aps.org/doi/10.1103/RevModPhys.75.715},
  publisher = {American Physical Society}
}

@Book{Luhmann1995,
  author =       "Niklas Luhmann",
  title =        "Social Systems",
  publisher =    "Stanford University Press",
  pages =        "684",
  year =         "1995",
}

@book{Breuer2007,
  title={The Theory of Open Quantum Systems},
  author={Breuer, H.P. and Petruccione, F.},
  year={2007},
  publisher={Oxford University Press}
}

@article{Gisin2001,
  title = {No-Signaling Condition and Quantum Dynamics},
  author = {Simon, Christoph and Buzek, Vladimir and Gisin, Nicolas},
  journal = {Phys. Rev. Lett.},
  volume = {87},
  issue = {17},
  pages = {170405},
  numpages = {4},
  year = {2001},
  month = {Oct},
  doi = {10.1103/PhysRevLett.87.170405},
  url = {http://link.aps.org/doi/10.1103/PhysRevLett.87.170405},
  publisher = {American Physical Society}
}


@article{Pechukas1994,
  title = {Reduced Dynamics Need Not Be Completely Positive},
  author = {Pechukas, Philip},
  journal = {Phys. Rev. Lett.},
  volume = {73},
  issue = {8},
  pages = {1060--1062},
  year = {1994},
  month = {Aug},
  doi = {10.1103/PhysRevLett.73.1060},
  url = {http://link.aps.org/doi/10.1103/PhysRevLett.73.1060},
  publisher = {American Physical Society}
}

@article{Alicki1995,
  title = {Comment on ``Reduced Dynamics Need Not Be Completely Positive''},
  author = {Alicki, Robert},
  journal = {Phys. Rev. Lett.},
  volume = {75},
  issue = {16},
  pages = {3020--3020},
  year = {1995},
  month = {Oct},
  doi = {10.1103/PhysRevLett.75.3020},
  url = {http://link.aps.org/doi/10.1103/PhysRevLett.75.3020},
  publisher = {American Physical Society}
}

@article{Pechukas1995,
  title = {Pechukas Replies:},
  author = {Pechukas, Philip},
  journal = {Phys. Rev. Lett.},
  volume = {75},
  issue = {16},
  pages = {3021--3021},
  year = {1995},
  month = {Oct},
  doi = {10.1103/PhysRevLett.75.3021},
  url = {http://link.aps.org/doi/10.1103/PhysRevLett.75.3021},
  publisher = {American Physical Society}
}

@book{Fraleigh2003,
  title={A first course in abstract algebra},
  author={Fraleigh, J.B. and Katz, V.J.},
  isbn={9780201763904},
  lccn={2002019357},
  series={Addison-Wesley world student series},
  year={2003},
  publisher={Addison-Wesley}
}

@book{Schwabl2007,
  title={Quantum Mechanics},
  author={Schwabl, F.},
  isbn={9783540719335},
  year={2007},
  publisher={Springer}
}

@book{Merzbacher1998,
  title={Quantum Mechanics},
  author={Merzbacher, E.},
  isbn={9780471887027},
  lccn={97020756},
  year={1998},
  publisher={Wiley}
}

@book{Sakurai2010,
  title={Modern Quantum Mechanics},
  author={Sakurai, J.J. and Napolitano, J.J.},
  isbn={9780805382914},
  lccn={2010022349},
  year={2010},
  publisher={Addison-Wesley}
}

@book{Lo1994,
  title={Fundamentals of Seismic Tomography},
  author={Lo, T.W. and Inderwiesen, P.L.},
  isbn={9781560800286},
  lccn={94023818},
  series={Geophysical Monograph Series, No 6},
  year={1994},
  publisher={American Geophysical Union}
}

@article{Paris2012,
  title={The modern tools of quantum mechanics},
  author={Paris, M GA},
  journal={The European Physical Journal-Special Topics},
  volume={203},
  number={1},
  pages={61--86},
  year={2012},
  publisher={Springer}
}


@book{Wheeler1983,
  title={Quantum Theory and Measurement},
  author={Wheeler, J.A. and {\.Z}urek, W.H.},
  isbn={9780691083162},
  lccn={lc82047620},
  series={Princeton Series in Physics},
  url={http://books.google.com/books?id=AMCAQgAACAAJ},
  year={1983},
  publisher={University Press}
}

@book{Eidelman2004,
  title={Functional Analysis: An Introduction},
  author={Eidelman, Y. and Milman, V.D. and Tsolomitis, A.},
  isbn={9780821836460},
  lccn={04057393},
  series={Graduate studies in mathematics, v. 66},
  year={2004},
  publisher={American Math. Soc.}
}

@book{Zettili2009,
  title={Quantum Mechanics},
  author={Zettili, N.},
  isbn={9780470026786},
  lccn={08045022},
  year={2009},
  publisher={Wiley}
}

@book{Byron1992,
  title={Mathematics of Classical and Quantum Physics},
  author={Byron, F.W. and Fuller, R.W.},
  isbn={9780486671642},
  lccn={lc92011943},
  series={Dover Books on Physics Series},
  year={1992},
  publisher={Dover Publ.}
}

@book{Frank2006,
  title={Electron Tomography: Methods for Three-Dimensional Visualization of Structures in the Cell},
  author={Frank, J.},
  isbn={9780387312347},
  lccn={2006920791},
  year={2006},
  publisher={Springer}
}

@incollection{Paris2004,
  title={3 Maximum-Likelihood Methods in Quantum Mechanics},
  author={Hradil, Zdenek and Rehacek, Jaroslav and Fiurasek, Jaromir and Jezek, Miroslav},
  booktitle={Quantum state estimation},
  pages={59--112},
  year={2004},
  editor={Paris, M. and Rehacek, J.},
  isbn={9783540223290},
  lccn={2004107804},
  series={Lecture Notes in Physics},
  publisher={Springer}
}

@incollection{Paris2004a,
  title={Unknown Quantum States and Operations, a Bayesian View},
  author={Fuchs, C. A. and Schack, R.},
  booktitle={Quantum state estimation},
  pages={59--112},
  year={2004},
  editor={Paris, M. and Rehacek, J.},
  isbn={9783540223290},
  lccn={2004107804},
  series={Lecture Notes in Physics},
  publisher={Springer}
}

@book{Cohen1992,
  title={Quantum Mechanics},
  author={Cohen-Tannoudji, C. and Diu, B. and Laloe, F.},
  isbn={9780471569527},
  year={1992},
  publisher={Wiley}
}

@incollection{Carlen2010,
  title={Trace inequalities and quantum entropy: an introductory course},
  author={Carlen, Eric},
  booktitle={Entropy and the Quantum},
  editor={Ueltschi, D.},
  isbn={9780821858530},
  series={Contemporary mathematics},
  year={2010},
  publisher={American Mathematical Society}
}

@article{Masillo2011,
author = {F. Masillo and G. Scolarici and L. Solombrino},
collaboration = {},
title = {Some remarks on assignment maps},
publisher = {AIP},
year = {2011},
journal = {Journal of Mathematical Physics},
volume = {52},
number = {1},
eid = {012101},
numpages = {13},
pages = {012101},
keywords = {Hilbert spaces; information theory; quantum theory},
url = {http://link.aip.org/link/?JMP/52/012101/1},
doi = {10.1063/1.3525832}
}

@book{Nielsen2010,
  title={Quantum Computation and Quantum Information: 10th Anniversary Edition},
  author={Nielsen, M.A. and Chuang, I.L.},
  isbn={9781107002173},
  lccn={2011290698},
  year={2010},
  publisher={Cambridge University Press}
}

@book{Jacobs2013,
  title={An Introduction to Quantum Measurement Theory},
  author={Jacobs, Kurt},
  year={2013},
  publisher={(in preparation) \url{http://www.quantum.umb.edu/Jacobs/books.html}}
}

@article{Havel2003,
author = {Timothy F. Havel},
collaboration = {},
title = {Robust procedures for converting among Lindblad, Kraus and matrix representations of quantum dynamical semigroups},
publisher = {AIP},
year = {2003},
journal = {Journal of Mathematical Physics},
volume = {44},
number = {2},
pages = {534-557},
keywords = {quantum theory; group theory; eigenvalues and eigenfunctions; mathematical operators},
url = {http://link.aip.org/link/?JMP/44/534/1},
doi = {10.1063/1.1518555}
}

@book{Kraus1983,
  title={States, Effects, and Operations, Vol. 190 of Lecture Notes in Physics},
  author={Kraus, Karl},
  year={1983},
  publisher={Springer-Verlag, Berlin}
}

@article{Bloch1946,
  title = {Nuclear Induction},
  author = {Bloch, F.},
  journal = {Phys. Rev.},
  volume = {70},
  issue = {7-8},
  pages = {460--474},
  year = {1946},
  month = {Oct},
  doi = {10.1103/PhysRev.70.460},
  url = {http://link.aps.org/doi/10.1103/PhysRev.70.460},
  publisher = {American Physical Society}
}

@inproceedings{Kitaev1998,
 author = {Aharonov, Dorit and Kitaev, Alexei and Nisan, Noam},
 title = {Quantum circuits with mixed states},
 booktitle = {Proceedings of the thirtieth annual ACM symposium on Theory of computing},
 series = {STOC '98},
 year = {1998},
 isbn = {0-89791-962-9},
 location = {Dallas, Texas, United States},
 pages = {20--30},
 numpages = {11},
 url = {http://doi.acm.org/10.1145/276698.276708},
 doi = {10.1145/276698.276708},
 acmid = {276708},
 publisher = {ACM},
 address = {New York, NY, USA},
} 

@article{Rodriguez2010,
  title = {Linear assignment maps for correlated system-environment states},
  author = {Rodriguez-Rosario, Cesar A. and Modi, Kavan and Aspuru-Guzik, Alan},
  journal = {Phys. Rev. A},
  volume = {81},
  issue = {1},
  pages = {012313},
  numpages = {5},
  year = {2010},
  month = {Jan},
  doi = {10.1103/PhysRevA.81.012313},
  url = {http://link.aps.org/doi/10.1103/PhysRevA.81.012313},
  publisher = {American Physical Society}
}

@article{Choi1972,
title = "Positive linear maps on c*-algebras",
journal = "Canadian Journal of Mathematics",
volume = "24",
number = "3",
pages = "520 - 529",
year = "1972",
author = "Man-Duen Choi"
}

@article{Choi1975,
title = "Completely positive linear maps on complex matrices",
journal = "Linear Algebra and its Applications",
volume = "10",
number = "3",
pages = "285 - 290",
year = "1975",
note = "",
issn = "0024-3795",
doi = "10.1016/0024-3795(75)90075-0",
url = "http://www.sciencedirect.com/science/article/pii/0024379575900750",
author = "Man-Duen Choi"
}

@book{Preskill2004,
  title={Quantum Computation Lecture Notes},
  author={Preskill, J.},
  year={2004},
  url = "http://www.theory.caltech.edu/~preskill/ph219/index.html#lecture",
  publisher={online notes: \url{http://www.theory.caltech.edu/~preskill/ph219/index.html#lecture}}
}

@book{Peck2011,
  title={Introduction to Statistics and Data Analysis},
  author={Peck, R. and Olsen, C. and Devore, J.L.},
  isbn={9780840054906},
  lccn={2010931694},
  series={Available Titles Aplia Series},
  year={2011},
  publisher={Brooks/Cole}
}

@book{Brase2011,
  title={Understandable Statistics: Concepts and Methods},
  author={Brase, C.H. and Brase, C.P.},
  isbn={9780840048387},
  lccn={2009942998},
  year={2011},
  publisher={BROOKS COLE Publishing Company}
}

@article{Rodriguez2012,
  title = {Positivity in the presence of initial system-environment correlation},
  author = {Modi, Kavan and Rodriguez-Rosario, Cesar A. and Aspuru-Guzik, Alan},
  journal = {Phys. Rev. A},
  volume = {86},
  issue = {6},
  pages = {064102},
  numpages = {5},
  year = {2012},
  month = {Dec},
  doi = {10.1103/PhysRevA.86.064102},
  url = {http://link.aps.org/doi/10.1103/PhysRevA.86.064102},
  publisher = {American Physical Society}
}


@phdthesis{Rodriguez2008,
  title={The Theory of Non-Markovian Open Quantum Systems},
  author={Rodriguez-Rosario, C. A.},
  year={2008},
  url = "http://www.bccms.uni-bremen.de/fileadmin/BCCMS/CMS/people/carodriguez/rodriguezc80712.pdf",
  school={University of Texas}
}

@phdthesis{Shaji2005,
  title={Dynamics of initially entangled open quantum systems},
  author={Shaji, A.},
  year={2005},
  school={University of Texas}
}

@article{Zurek2002,
  title={Einselection and decoherence from an information theory perspective},
  author={Zurek, Wojciech H},
  journal={Quantum Communication, Computing, and Measurement 3},
  pages={115--125},
  year={2002},
  publisher={Springer}
}

@article{Ollivier2001,
  title={Quantum discord: a measure of the quantumness of correlations},
  author={Ollivier, Harold and Zurek, Wojciech H},
  journal={Physical review letters},
  volume={88},
  number={1},
  pages={17901},
  year={2001},
  publisher={APS}
}

@article{Lendi2000,
  author={A J van Wonderen and K Lendi},
  title={Reduced dynamics for entangled initial state of the full density operator},
  journal={Journal of Physics A: Mathematical and General},
  volume={33},
  number={32},
  pages={5757},
  url={http://stacks.iop.org/0305-4470/33/i=32/a=311},
  year={2000},
}

@article{Poluikis1981,
title = "Completely positive and Hermitian-preserving linear transformations",
journal = "Linear Algebra and its Applications",
volume = "35",
number = "0",
pages = "1 - 10",
year = "1981",
note = "",
issn = "0024-3795",
doi = "10.1016/0024-3795(81)90261-5",
url = "http://www.sciencedirect.com/science/article/pii/0024379581902615",
author = "John A. Poluikis and Richard D. Hill"
}


@incollection{Ando1986,
title = "Non-Linear Completely Positive Maps",
editor = "R. Nagel, U. Schloterbeck and M.P.H. Wolff",
booktitle = "Aspects of Positivity in Functional Analysis Proceedings of the Conference held on the Occasion of H.H. Schaefer's 60th Birthday",
publisher = "North-Holland",
year = "1986",
volume = "122",
pages = "3 - 13",
series = "North-Holland Mathematics Studies",
issn = "0304-0208",
doi = "10.1016/S0304-0208(08)71944-3",
url = "http://www.sciencedirect.com/science/article/pii/S0304020808719443",
author = "T. Ando and M.-D. Choi"
}

@article{Sudarshan2005,
title = "Who's afraid of not completely positive maps?",
journal = "Physics Letters A",
volume = "341",
pages = "48 - 54",
year = "2005",
note = "",
issn = "0375-9601",
doi = "10.1016/j.physleta.2005.04.029",
url = "http://www.sciencedirect.com/science/article/pii/S0375960105005748",
author = "Anil Shaji and E.C.G. Sudarshan",
keywords = "Open quantum systems",
keywords = "Reduced dynamics",
keywords = "Entanglement",
keywords = "Not completely positive maps"
}

@book{Peres1995,
  title={Quantum Theory: Concepts and Methods},
  author={Peres, A.},
  isbn={9780792336327},
  lccn={93032994},
  series={Fundamental Theories of Physics},
  year={1995},
  publisher={Springer}
}
  	
@article{Howard2006,
  author={M Howard and J Twamley and C Wittmann and T Gaebel and F Jelezko and J Wrachtrup},
  title={Quantum process tomography and Linblad estimation of a solid-state qubit},
  journal={New Journal of Physics},
  volume={8},
  number={3},
  pages={33},
  url={http://stacks.iop.org/1367-2630/8/i=3/a=033},
  year={2006},
}

@book{Alicki2001,
  title={Quantum Dynamical Systems},
  author={Alicki, R. and Fannes, M.},
  isbn={9780198504009},
  lccn={00103650},
  year={2001},
  publisher={Oxford University Press}
}
	
@article{Benatti2005,
author = {Benatti, F. and Floreanini, R.},
title = {Open Quantum Dynamics: Complete Positivity and Entanglement},
journal = {International Journal of Modern Physics B},
volume = {19},
number = {19},
pages = {3063-3139},
year = {2005},
doi = {10.1142/S0217979205032097}
}
 	
@article{Rodriguez2008A,
  author={Cesar A Rodriguez-Rosario and Kavan Modi and Aikmeng Kuah and Anil Shaji and E C G Sudarshan},
  title={Completely positive maps and classical correlations},
  journal={Journal of Physics A: Mathematical and Theoretical},
  volume={41},
  number={20},
  pages={205301},
  url={http://stacks.iop.org/1751-8121/41/i=20/a=205301},
  year={2008},
}
	
@article{Leung2003,
author = {Debbie W. Leung},
collaboration = {},
title = {Choi's proof as a recipe for quantum process tomography},
publisher = {AIP},
year = {2003},
journal = {Journal of Mathematical Physics},
volume = {44},
number = {2},
pages = {528-533},
keywords = {quantum theory},
url = {http://link.aip.org/link/?JMP/44/528/1},
doi = {10.1063/1.1518554}
}

@book{Bengtsson2006,
  title={Geometry of Quantum States: An Introduction to Quantum Entanglement},
  author={Bengtsson, I. and Zyczkowski, K.},
  isbn={9780521814515},
  lccn={2006298204},
  year={2006},
  publisher={Cambridge University Press}
}

@book{Horn1990,
  title={Matrix Analysis},
  author={Horn, R.A. and Johnson, C.R.},
  isbn={9780521386326},
  lccn={lc85007736},
  year={1990},
  publisher={Cambridge University Press}
}

@book{Cohen1997,
  title={Photons and atoms: introduction to quantum electrodynamics},
  author={Cohen-Tannoudji, C. and Dupont-Roc, J. and Grynberg, G.},
  isbn={9780471184331},
  lccn={88037845},
  series={Wiley professional paperback series},
  year={1997},
  publisher={Wiley}
}

@article{Horn1954,
     jstor_articletype = {research-article},
     title = {Doubly Stochastic Matrices and the Diagonal of a Rotation Matrix},
     author = {Horn, Alfred},
     journal = {American Journal of Mathematics},
     jstor_issuetitle = {},
     volume = {76},
     number = {3},
     jstor_formatteddate = {Jul., 1954},
     pages = {pp. 620-630},
     url = {http://www.jstor.org/stable/2372705},
     ISSN = {00029327},
     abstract = {},
     language = {English},
     year = {1954},
     publisher = {The Johns Hopkins University Press},
     copyright = {Copyright Â© 1954 The Johns Hopkins University Press},
    }

@article{Thompson1977,
author = {Thompson, R.},
title = {Singular Values, Diagonal Elements, and Convexity},
journal = {SIAM Journal on Applied Mathematics},
volume = {32},
number = {1},
pages = {39-63},
year = {1977},
doi = {10.1137/0132003},
URL = {http://epubs.siam.org/doi/abs/10.1137/0132003},
eprint = {http://epubs.siam.org/doi/pdf/10.1137/0132003}
}

@article{Nielsen2001,
 author = {Nielsen, Michael A. and Vidal, Guifr{\'e}},
 title = {Majorization and the interconversion of bipartite states},
 journal = {Quantum Info. Comput.},
 issue_date = {January 2001},
 volume = {1},
 number = {1},
 month = jan,
 year = {2001},
 issn = {1533-7146},
 pages = {76--93},
 numpages = {18},
 url = {http://dl.acm.org/citation.cfm?id=2011326.2011331},
 acmid = {2011331},
 publisher = {Rinton Press, Incorporated},
 address = {Paramus, NJ},
 keywords = {entanglement, majorization, quantum information},
} 

@article{Hwang2004,
     jstor_articletype = {research-article},
     title = {Cauchy's Interlace Theorem for Eigenvalues of Hermitian Matrices},
     author = {Hwang, Suk-Geun},
     journal = {The American Mathematical Monthly},
     jstor_issuetitle = {},
     volume = {111},
     number = {2},
     jstor_formatteddate = {Feb., 2004},
     pages = {pp. 157-159},
     url = {http://www.jstor.org/stable/4145217},
     ISSN = {00029890},
     abstract = {},
     language = {English},
     year = {2004},
     publisher = {Mathematical Association of America},
     copyright = {Copyright Â© 2004 Mathematical Association of America},
    }

@article{Veselic1991,
title = "Some remarks on the spectra of Hermitian matrices",
journal = "Linear Algebra and its Applications",
volume = "145",
number = "0",
pages = "221 - 229",
year = "1991",
note = "",
issn = "0024-3795",
doi = "10.1016/0024-3795(91)90298-B",
url = "http://www.sciencedirect.com/science/article/pii/002437959190298B",
author = "J. KovaÄ-Striko and K. VeseliÄ‡"
}

@book{Messiah1999,
  title={Quantum Mechanics: },
  author={Messiah, A.},
  isbn={9780486409245},
  lccn={99055362},
  series={Dover books on physics},
  year={1999},
  publisher={Dover}
}

@book{Jeffrey2010,
  title={Matrix Operations for Engineers and Scientists: An Essential Guide in Linear Algebra},
  author={Jeffrey, A.},
  isbn={9789048192731},
  lccn={2010932003},
  series={SpringerLink: Springer e-Books},
  year={2010},
  publisher={Springer}
}

@book{Feynman1963,
  title={Mainly mechanics, radiation, and heat},
  author={Feynman, R.P. and Leighton, R.B. and Sands, M.L.},
  isbn={9780201510034},
  lccn={89000433},
  series={The Feynman Lectures on Physics},
  year={1963},
  publisher={Addison-Wesley}
}

@book{Landau1977,
  title={Quantum Mechanics: Non-Relativistic Theory},
  author={Landau, L.D. and Lifshits, E.M.},
  isbn={9780750635394},
  series={Teoreticheskaiï¸ aï¸¡ fizika (Izd. 3-e) (Landau, L. D, 1908-1968)},
  year={1977},
  publisher={Pergamon Press}
}

@book{Baker2002,
  title={Matrix Groups: An Introduction to Lie Group Theory},
  author={Baker, A.},
  isbn={9781852334703},
  lccn={2001049261},
  series={Springer Undergraduate Mathematics Series},
  year={2002},
  publisher={Springer London}
}

@book{Taylor1997,
  title={An Introduction to Error Analysis: The Study of Uncertainties in Physical Measurements},
  author={Taylor, J.R.},
  isbn={9780935702750},
  lccn={81051269},
  series={Physics - chemistry - engineering},
  year={1997},
  publisher={University Science Books}
}

@incollection{Ralph2010,
title = "Optical Quantum Computation",
editor = "Emil Wolf",
booktitle = "Progress in Optics",
publisher = "Elsevier",
year = "2010",
volume = "54",
pages = "209 - 269",
series = "Progress in Optics",
issn = "0079-6638",
doi = "10.1016/S0079-6638(10)05409-0",
url = "http://www.sciencedirect.com/science/article/pii/S0079663810054090",
author = "Tim C. Ralph and Geoff J. Pryde",
keywords = "Quantum computation",
keywords = "Qubit",
keywords = "Error correction",
keywords = "Quantum information"
}


@book{Kok2010,
  title={Introduction to Optical Quantum Information Processing},
  author={Kok, P. and Lovett, B.W.},
  isbn={9780521519144},
  lccn={2010281070},
  year={2010},
  publisher={Cambridge University Press}
}

@book{Faisal1987,
  title={Theory of Multiphoton Processes},
  author={Faisal, F.H.M.},
  isbn={9780306423178},
  lccn={86022674},
  series={Advances in the Study of Communication and Affect},
  year={1987},
  publisher={Springer}
}

@book{Mikio2008,
  title={Quantum Computing: From Linear Algebra To Physical Realizations},
  author={Mikio Nakahara, T.O. and {\=O}mi, T.},
  isbn={9780750309837},
  lccn={2007044310},
  year={2008},
  publisher={Taylor \& Francis Group}
}

@book{Barnett2002,
  title={Methods in Theoretical Quantum Optics},
  author={Barnett, S. and Radmore, P.M.},
  isbn={9780198563617},
  lccn={97013764},
  series={Oxford Series in Optical and Imaging Sciences},
  year={2002},
  publisher={Oxford University Press, Incorporated}
}

@book{Mandel1995,
  title={Optical Coherence and Quantum Optics},
  author={Mandel, L. and Wolf, E.},
  isbn={9780521417112},
  lccn={93488873},
  year={1995},
  publisher={Cambridge University Press}
}

@book{Suter1997,
  title={The Physics of Laser-Atom Interactions},
  author={Suter, D.},
  isbn={9780521462396},
  lccn={96052448},
  series={Cambridge Studies in Modern Optics},
  year={1997},
  publisher={Cambridge University Press}
}

@book{Orszag2008,
  title={Quantum Optics: Including Noise Reduction, Trapped Ions, Quantum Trajectories, and Decoherence},
  author={Orszag, M.},
  isbn={9783540727071},
  year={2008},
  publisher={Springer-Verlag Berlin Heidelberg 1997}
}

@book{Loudon2000,
  title={The Quantum Theory of Light},
  author={Loudon, R.},
  isbn={9780191589782},
  url={http://books.google.com/books?id=AEkfajgqldoC},
  year={2000},
  publisher={OUP Oxford}
}

@book{Engel1999,
  title={One-Parameter Semigroups for Linear Evolution Equations},
  author={Engel, K.J. and Nagel, R.},
  isbn={9780387984636},
  lccn={99015366},
  series={Graduate Texts in Mathematics},
  year={1999},
  publisher={Springer}
}

@article{Cernoch2008,
  title = {Experimental Realization of Linear-Optical Partial swap Gates},
  author = {Cernoch, Antonin and Soubusta, Jan and Bartuskov\'a, Lucie and Dusek, Miloslav and Fiur\'asek, Jaromir},
  journal = {Phys. Rev. Lett.},
  volume = {100},
  issue = {18},
  pages = {180501},
  numpages = {4},
  year = {2008},
  month = {May},
  doi = {10.1103/PhysRevLett.100.180501},
  url = {http://link.aps.org/doi/10.1103/PhysRevLett.100.180501},
  publisher = {American Physical Society}
}
  	
@article{Kieling2012,
  author={K Kieling and J L O'Brien and J Eisert},
  title={On photonic controlled phase gates},
  journal={New Journal of Physics},
  volume={12},
  number={1},
  pages={013003},
  url={http://stacks.iop.org/1367-2630/12/i=1/a=013003},
  year={2010}
}

@article{Hofmann2002,
  title = {Quantum phase gate for photonic qubits using only beam splitters and postselection},
  author = {Hofmann, Holger F. and Takeuchi, Shigeki},
  journal = {Phys. Rev. A},
  volume = {66},
  issue = {2},
  pages = {024308},
  numpages = {3},
  year = {2002},
  month = {Aug},
  doi = {10.1103/PhysRevA.66.024308},
  url = {http://link.aps.org/doi/10.1103/PhysRevA.66.024308},
  publisher = {American Physical Society}
}
	
@article{Kiesel2005,
  title = {Linear Optics Controlled-Phase Gate Made Simple},
  author = {Kiesel, Nikolai and Schmid, Christian and Weber, Ulrich and Ursin, Rupert and Weinfurter, Harald},
  journal = {Phys. Rev. Lett.},
  volume = {95},
  issue = {21},
  pages = {210505},
  numpages = {4},
  year = {2005},
  month = {Nov},
  doi = {10.1103/PhysRevLett.95.210505},
  url = {http://link.aps.org/doi/10.1103/PhysRevLett.95.210505},
  publisher = {American Physical Society}
}

@article{Boulant2004,
author = {N. Boulant and J. Emerson and T. F. Havel and D. G. Cory and S. Furuta},
collaboration = {},
title = {Incoherent noise and quantum information processing},
publisher = {AIP},
year = {2004},
journal = {The Journal of Chemical Physics},
volume = {121},
number = {7},
pages = {2955-2961},
keywords = {quantum theory; information theory; noise; eigenvalues and eigenfunctions; error correction codes; perturbation theory; inverse problems},
url = {http://link.aip.org/link/?JCP/121/2955/1},
doi = {10.1063/1.1773161}
}

@article{Cory2004,
author = {Yaakov S. Weinstein and Timothy F. Havel and Joseph Emerson and Nicolas Boulant and Marcos Saraceno and Seth Lloyd and David G. Cory},
collaboration = {},
title = {Quantum process tomography of the quantum Fourier transform},
publisher = {AIP},
year = {2004},
journal = {The Journal of Chemical Physics},
volume = {121},
number = {13},
pages = {6117-6133},
keywords = {information theory; quantum theory; nuclear magnetic resonance; Fourier transforms; errors},
url = {http://link.aip.org/link/?JCP/121/6117/1},
doi = {10.1063/1.1785151}
}

@article{Anis2012,
author = {Anis, A. and Lvovsky I.},
title = {Maximum-likelihood coherent-state quantum process tomography},
publisher = {arXiv},
year = {2012},
journal = {arXiv pre-print (quant-ph)},
volume = {arXiv:1204.5936}
}

@article{Aroya2009,
author = {Ben-Aroya, Avraham and Ta-Shma, Amnon},
title = {On the complexity of approximating the diamond norm},
publisher = {arXiv},
year = {2009},
journal = {arXiv pre-print (quant-ph)},
volume = {arXiv:0902.3397}
}

@article{Wood2012,
author = {Wood, C. J. and Biamonte, J. D. and Cory D. G.},
title = {Tensor networks and graphical calculus for open quantum systems},
publisher = {arXiv},
year = {2011},
journal = {arXiv pre-print (quant-ph)},
volume = {arXiv:1111.6950}
}

@article{Busch1990,
year={1990},
issn={0015-9018},
journal={Foundations of Physics},
volume={20},
number={12},
doi={10.1007/BF01883516},
title={Completely positive mappings in quantum dynamics and measurement theory},
url={http://dx.doi.org/10.1007/BF01883516},
publisher={Kluwer Academic Publishers-Plenum Publishers},
author={Busch, Paul and Lahti, PekkaJ.},
pages={1429-1439},
language={English}
}

@article{Zhang2011,
title = "Von Neumann entropy-preserving quantum operations",
journal = "Physics Letters A",
volume = "375",
number = "47",
pages = "4163 - 4165",
year = "2011",
note = "",
issn = "0375-9601",
doi = "10.1016/j.physleta.2011.10.008",
url = "http://www.sciencedirect.com/science/article/pii/S037596011101228X",
author = "Lin Zhang and Junde Wu",
keywords = "Quantum state",
keywords = "Quantum operation",
keywords = "Von Neumann entropy"
}

@article{Luo2010,
  title = {Decorrelating capabilities of operations with application to decoherence},
  author = {Luo, Shunlong and Fu, Shuangshuang and Li, Nan},
  journal = {Phys. Rev. A},
  volume = {82},
  issue = {5},
  pages = {052122},
  numpages = {12},
  year = {2010},
  month = {Nov},
  doi = {10.1103/PhysRevA.82.052122},
  url = {http://link.aps.org/doi/10.1103/PhysRevA.82.052122},
  publisher = {American Physical Society}
}

@article{Buzek2012,
  title = {Direct estimation of decoherence rates},
  author = {Buzek, Vladimir and Rapcan, Peter and Rau, Jochen and Ziman, M\'ario},
  journal = {Phys. Rev. A},
  volume = {86},
  issue = {5},
  pages = {052109},
  numpages = {6},
  year = {2012},
  month = {Nov},
  doi = {10.1103/PhysRevA.86.052109},
  url = {http://link.aps.org/doi/10.1103/PhysRevA.86.052109},
  publisher = {American Physical Society}
}

@article{Sudarshan1978,
title = "Properties of quantum Markovian master equations",
journal = "Reports on Mathematical Physics",
volume = "13",
number = "2",
pages = "149 - 173",
year = "1978",
note = "",
issn = "0034-4877",
doi = "10.1016/0034-4877(78)90050-2",
url = "http://www.sciencedirect.com/science/article/pii/0034487778900502",
author = "Vittorio Gorini and Alberto Frigerio and Maurizio Verri and Andrzej Kossakowski and E.C.G. Sudarshan"
}

@article{Sudarshan1976,
author = {Vittorio Gorini and Andrzej Kossakowski and E. C. G. Sudarshan},
collaboration = {},
title = {Completely positive dynamical semigroups of N-level systems},
publisher = {AIP},
year = {1976},
journal = {Journal of Mathematical Physics},
volume = {17},
number = {5},
pages = {821-825},
url = {http://link.aip.org/link/?JMP/17/821/1},
doi = {10.1063/1.522979}
}

@book{Slichter1996,
  title={Principles of Magnetic Resonance},
  author={Slichter, C.P.},
  isbn={9783540501572},
  lccn={96142868},
  series={Springer Series in Solid-State Sciences},
  year={1996},
  publisher={Springer}
}

@article{Skinner1987,
year={1987},
issn={0022-4715},
journal={Journal of Statistical Physics},
volume={49},
issue={5-6},
doi={10.1007/BF01017558},
title={On the relationship between T1 and T2 for stochastic relaxation models},
url={http://dx.doi.org/10.1007/BF01017558},
publisher={Kluwer Academic Publishers-Plenum Publishers},
keywords={Dephasing; population relaxation; Bloch equations; Gaussian stochastic process; cumulants; fourth-order perturbation theory},
author={Budimir, J. and Skinner, J.L.},
pages={1029-1042},
language={English}
}

@article{Skinner1991,
author = {Brian B. Laird and Jane Budimir and James L. Skinner},
collaboration = {},
title = {Quantum-mechanical derivation of the Bloch equations: Beyond the weak-coupling limit},
publisher = {AIP},
year = {1991},
journal = {The Journal of Chemical Physics},
volume = {94},
number = {6},
pages = {4391-4404},
url = {http://link.aip.org/link/?JCP/94/4391/1},
doi = {10.1063/1.460626}
}

@article{Aharonov2008,
author = {Aharonov, D. and Ben-Or, M.},
title = {Fault-Tolerant Quantum Computation with Constant Error Rate},
journal = {SIAM Journal on Computing},
volume = {38},
number = {4},
pages = {1207-1282},
year = {2008},
doi = {10.1137/S0097539799359385},
URL = {http://epubs.siam.org/doi/abs/10.1137/S0097539799359385},
eprint = {http://epubs.siam.org/doi/pdf/10.1137/S0097539799359385}
}

@article{Lidar2009,
  title = {Maps for general open quantum systems and a theory of linear quantum error correction},
  author = {Shabani, Alireza and Lidar, Daniel A.},
  journal = {Phys. Rev. A},
  volume = {80},
  issue = {1},
  pages = {012309},
  numpages = {11},
  year = {2009},
  month = {Jul},
  doi = {10.1103/PhysRevA.80.012309},
  url = {http://link.aps.org/doi/10.1103/PhysRevA.80.012309},
  publisher = {American Physical Society}
}

@article{Lidar2009a,
  title={Vanishing quantum discord is necessary and sufficient for completely positive maps},
  author={Shabani, Alireza and Lidar, Daniel A},
  journal={Physical review letters},
  volume={102},
  number={10},
  pages={100402},
  year={2009},
  publisher={APS}
}

@article{Devi2011,
  title = {Open-system quantum dynamics with correlated initial states, not completely positive maps, and non-Markovianity},
  author = {Usha Devi, A. R. and Rajagopal, A. K. and Sudha},
  journal = {Phys. Rev. A},
  volume = {83},
  issue = {2},
  pages = {022109},
  numpages = {8},
  year = {2011},
  month = {Feb},
  doi = {10.1103/PhysRevA.83.022109},
  url = {http://link.aps.org/doi/10.1103/PhysRevA.83.022109},
  publisher = {American Physical Society}
}

@article{Hayashi2003,
  title = {Kraus representation in the presence of initial correlations},
  author = {Hayashi, Hiroyuki and Kimura, Gen and Ota, Yukihiro},
  journal = {Phys. Rev. A},
  volume = {67},
  issue = {6},
  pages = {062109},
  numpages = {5},
  year = {2003},
  month = {Jun},
  doi = {10.1103/PhysRevA.67.062109},
  url = {http://link.aps.org/doi/10.1103/PhysRevA.67.062109},
  publisher = {American Physical Society}
}

@phdthesis{Shabani2009,
  title={Open Quantum Systems and Error Correction},
  author={Barzegar, A. S.},
  isbn={9781109136616},
  year={2009},
  school={University of Southern California}
}

@article{Cross2007,
  title={A comparative code study for quantum fault-tolerance},
  author={Cross, A.W. and DiVincenzo, D.P. and Terhal, B.M.},
  journal={arXiv preprint arXiv:0711.1556},
  year={2007}
}

@article{Simon2013,
  title={Quantum discord plays no distinguished role in characterization of complete positivity: Robustness of the traditional scheme},
  author={Krishna Kumar Sabapathy and J. Solomon Ivan and Sibasish Ghosh nad R. Simon},
  journal={arXiv preprint arXiv:1304.4857},
  year={2013}
}

@book{Wilde2013,
  title={Quantum Information Theory},
  author={Wilde, M.M.},
  isbn={9781107034259},
  year={2013},
  publisher={Cambridge University Press}
}

@article{Cesar2013,
  title = {Vanishing quantum discord is not necessary for completely positive maps},
  author = {Brodutch, Aharon and Datta, Animesh and Modi, Kavan and Rivas, Angel and Rodriguez-Rosario, Cesar A.},
  journal = {Phys. Rev. A},
  volume = {87},
  issue = {4},
  pages = {042301},
  numpages = {5},
  year = {2013},
  month = {Apr},
  doi = {10.1103/PhysRevA.87.042301},
  url = {http://link.aps.org/doi/10.1103/PhysRevA.87.042301},
  publisher = {American Physical Society}
}


@incollection{Alicki2007,
year={2007},
isbn={978-3-540-70860-5},
booktitle={Quantum Dynamical Semigroups and Applications},
volume={717},
series={Lecture Notes in Physics},
doi={10.1007/3-540-70861-8_3},
title={Recent Developments},
url={http://dx.doi.org/10.1007/3-540-70861-8_3},
publisher={Springer Berlin Heidelberg},
author={Alicki, Robert and Lendi, Karl},
pages={109-121}
}

@book{Sewell2002,
  title={Quantum Mechanics and Its Emergent Macrophysics},
  author={Sewell, G.L.},
  isbn={9780691058320},
  lccn={2005297056},
  year={2002},
  publisher={Princeton University Press}
}

@article{Terno2006,
title={Non Completely Positive Maps in Physics},
author={Terno, D.},
year={2006},
journal={Conference on Quantum Information and Quantum Control II},
publisher={The Fields Institute},
url={www3.imperial.ac.uk/portal/pls/portallive/docs/1/113910.PPT}
}

@article{Buzek2001,
  title = {Dynamics of open quantum systems initially entangled with environment: Beyond the Kraus representation},
  author = {Stelmachovic, Peter and Buzek, Vladimir},
  journal = {Phys. Rev. A},
  volume = {64},
  issue = {6},
  pages = {062106},
  numpages = {5},
  year = {2001},
  month = {Nov},
  doi = {10.1103/PhysRevA.64.062106},
  url = {http://link.aps.org/doi/10.1103/PhysRevA.64.062106},
  publisher = {American Physical Society}
}

@article{Zyczkowski2004,
  title={On duality between quantum maps and quantum states},
  author={Zyczkowski, K. and Bengtsson, I.},
  journal={Open systems \& information dynamics},
  volume={11},
  number={01},
  pages={3--42},
  year={2004},
  publisher={World Scientific}
}

@article{Ferrero2004,
  title = {Evolution of any finite open quantum system always admits a Kraus-type representation, although it is not always completely positive},
  author = {Salgado, D. and Sanchez-Gomez, J. L. and Ferrero, M.},
  journal = {Phys. Rev. A},
  volume = {70},
  issue = {5},
  pages = {054102},
  numpages = {4},
  year = {2004},
  month = {Nov},
  doi = {10.1103/PhysRevA.70.054102},
  url = {http://link.aps.org/doi/10.1103/PhysRevA.70.054102},
  publisher = {American Physical Society}
}

@article{Schirmer2004,
  title = {Constraints on relaxation rates for $N$-level quantum systems},
  author = {Schirmer, S. G. and Solomon, A. I.},
  journal = {Phys. Rev. A},
  volume = {70},
  issue = {2},
  pages = {022107},
  numpages = {13},
  year = {2004},
  month = {Aug},
  doi = {10.1103/PhysRevA.70.022107},
  url = {http://link.aps.org/doi/10.1103/PhysRevA.70.022107},
  publisher = {American Physical Society}
}

@article{Royer1996,
  title = {Reduced Dynamics with Initial Correlations, and Time-Dependent Environment and Hamiltonians},
  author = {Royer, Antoine},
  journal = {Phys. Rev. Lett.},
  volume = {77},
  issue = {16},
  pages = {3272--3275},
  year = {1996},
  month = {Oct},
  doi = {10.1103/PhysRevLett.77.3272},
  url = {http://link.aps.org/doi/10.1103/PhysRevLett.77.3272},
  publisher = {American Physical Society}
}


@article{Wood2009,
author = {Wood, C.},
title = {Non-completely positive maps: properties and applications},
publisher = {arXiv},
year = {2009},
journal = {arXiv pre-print (quant-ph)},
volume = {arXiv:0911.3199}
}

@article{Fleming2012,
title = "Non-Markovian dynamics of open quantum systems: Stochastic equations and their perturbative solutions",
journal = "Annals of Physics",
volume = "327",
number = "4",
pages = "1238 - 1276",
year = "2012",
note = "",
issn = "0003-4916",
doi = "10.1016/j.aop.2011.12.006",
url = "http://www.sciencedirect.com/science/article/pii/S0003491611001990",
author = "C.H. Fleming and B.L. Hu"
}

@article{Yuen2005,
author = {Yuen, H. P.},
title = {Uncertainty Principle and the Standard Quantum Limits},
publisher = {arXiv},
year = {2005},
journal = {arXiv pre-print (quant-ph)},
volume = {arXiv:quant-ph/0510069}
}

@article{Benatti1996,
title = "Complete positivity and the K-K system",
journal = "Physics Letters B",
volume = "389",
number = "1",
pages = "100 - 106",
year = "1996",
note = "",
issn = "0370-2693",
doi = "10.1016/S0370-2693(96)01228-2",
url = "http://www.sciencedirect.com/science/article/pii/S0370269396012282",
author = "F. Benatti and R. Floreanini"
}

@article{Benatti1997,
title = "Completely positive dynamical maps and the neutral kaon system",
journal = "Nuclear Physics B",
volume = "488",
number = "1â€“2",
pages = "335 - 363",
year = "1997",
note = "",
issn = "0550-3213",
doi = "10.1016/S0550-3213(96)00712-2",
url = "http://www.sciencedirect.com/science/article/pii/S0550321396007122",
author = "F. Benatti and R. Floreanini"
}

@article{Benatti1998,
title = "Completely positive dynamics of correlated neutral kaons",
journal = "Nuclear Physics B",
volume = "511",
number = "3",
pages = "550 - 576",
year = "1998",
note = "",
issn = "0550-3213",
doi = "10.1016/S0550-3213(97)00705-0",
url = "http://www.sciencedirect.com/science/article/pii/S0550321397007050",
author = "F. Benatti and R. Floreanini",
keywords = "Neutral kaons",
keywords = "Ï†-factories",
keywords = "Complete positivity"
}

@article{Benatti1999,
title = "Complete positivity and neutron interferometry",
journal = "Physics Letters B",
volume = "451",
number = "3â€“4",
pages = "422 - 429",
year = "1999",
note = "",
issn = "0370-2693",
doi = "10.1016/S0370-2693(99)00177-X",
url = "http://www.sciencedirect.com/science/article/pii/S037026939900177X",
author = "F. Benatti and R. Floreanini"
}

@article{Stinespring1955,
     jstor_articletype = {research-article},
     title = {Positive Functions on C*-Algebras},
     author = {Stinespring, W. Forrest},
     journal = {Proceedings of the American Mathematical Society},
     jstor_issuetitle = {},
     volume = {6},
     number = {2},
     jstor_formatteddate = {Apr., 1955},
     pages = {pp. 211-216},
     url = {http://www.jstor.org/stable/2032342},
     ISSN = {00029939},
     abstract = {},
     language = {English},
     year = {1955},
     publisher = {American Mathematical Society},
     copyright = {Copyright Â© 1955 American Mathematical Society},
    }

@article{Ferraro2010,
  title = {Almost all quantum states have nonclassical correlations},
  author = {Ferraro, A. and Aolita, L. and Cavalcanti, D. and Cucchietti, F. M. and Acin, A.},
  journal = {Phys. Rev. A},
  volume = {81},
  issue = {5},
  pages = {052318},
  numpages = {6},
  year = {2010},
  month = {May},
  doi = {10.1103/PhysRevA.81.052318},
  url = {http://link.aps.org/doi/10.1103/PhysRevA.81.052318},
  publisher = {American Physical Society}
}


@article{Benatti1997a,
author = {Benatti, Fabio and Floreanini, Roberto},
title = {Testing Complete Positivity},
journal = {Modern Physics Letters A},
volume = {12},
number = {20},
pages = {1465-1472},
year = {1997},
doi = {10.1142/S0217732397001497},
URL = {http://www.worldscientific.com/doi/abs/10.1142/S0217732397001497},
eprint = {http://www.worldscientific.com/doi/pdf/10.1142/S0217732397001497}
}

@article{Vidal2002,
  title = {Computable measure of entanglement},
  author = {Vidal, G. and Werner, R. F.},
  journal = {Phys. Rev. A},
  volume = {65},
  issue = {3},
  pages = {032314},
  numpages = {11},
  year = {2002},
  month = {Feb},
  doi = {10.1103/PhysRevA.65.032314},
  url = {http://link.aps.org/doi/10.1103/PhysRevA.65.032314},
  publisher = {American Physical Society}
}
