@article{Schreiber2000,
  title = {Measuring Information Transfer},
  author = {Schreiber, Thomas},
  journal = {Phys. Rev. Lett.},
  volume = {85},
  issue = {2},
  pages = {461--464},
  numpages = {0},
  year = {2000},
  month = {Jul},
  publisher = {American Physical Society},
  doi = {10.1103/PhysRevLett.85.461},
  url = {http://link.aps.org/doi/10.1103/PhysRevLett.85.461}
}

@article{Hlav2007,
title = "Causality detection based on information-theoretic approaches in time series analysis ",
journal = "Physics Reports ",
volume = "441",
number = "1",
pages = "1 - 46",
year = "2007",
note = "",
issn = "0370-1573",
doi = "http://dx.doi.org/10.1016/j.physrep.2006.12.004",
url = "http://www.sciencedirect.com/science/article/pii/S0370157307000403",
author = "Katerina Hlaváčková-Schindler and Milan Paluš and Martin Vejmelka and Joydeep Bhattacharya",
}

@article{Kaiser2002,
title = "Information transfer in continuous processes ",
journal = "Physica D: Nonlinear Phenomena ",
volume = "166",
number = "1–2",
pages = "43 - 62",
year = "2002",
note = "",
issn = "0167-2789",
doi = "http://dx.doi.org/10.1016/S0167-2789(02)00432-3",
url = "http://www.sciencedirect.com/science/article/pii/S0167278902004323",
author = "A. Kaiser and T. Schreiber",
}

@ARTICLE{Shannon1948, 
author={Shannon, C.E.}, 
journal={Bell System Technical Journal, The}, 
title={A mathematical theory of communication}, 
year={1948}, 
month={July}, 
volume={27}, 
number={3}, 
pages={379-423}, 
doi={10.1002/j.1538-7305.1948.tb01338.x}, 
ISSN={0005-8580},}

@article{Kullback1951,
author = "Kullback, S. and Leibler, R. A.",
doi = "10.1214/aoms/1177729694",
fjournal = "The Annals of Mathematical Statistics",
journal = "Ann. Math. Statist.",
month = "03",
number = "1",
pages = "79--86",
publisher = "The Institute of Mathematical Statistics",
title = "On Information and Sufficiency",
url = "http://dx.doi.org/10.1214/aoms/1177729694",
volume = "22",
year = "1951"
}

@article{Kullback1987,
     jstor_articletype = {editorial},
     title = {Letters to the Editor},
     author = {Ghosh, Subir and Burnham, Kenneth P. and Laubscher, Nico F. and Dallal, Gerard E. and Leland Wilkinson and Morrison, Donald F. and Milton W. Loyer and Eisenberg, Bennett and Solomon Kullback and Jolliffe, Ian T. and Simonoff, Jeffrey S.},
     journal = {The American Statistician},
     jstor_issuetitle = {},
     volume = {41},
     number = {4},
     jstor_formatteddate = {Nov., 1987},
     pages = {pp. 338-341},
     url = {http://www.jstor.org/stable/2684769},
     ISSN = {00031305},
     abstract = {},
     language = {English},
     year = {1987},
     publisher = {Taylor & Francis, Ltd. on behalf of the American Statistical Association},
     copyright = {Copyright © 1987 American Statistical Association},
}
    
@article{Barnett2009,
  title = {Granger Causality and Transfer Entropy Are Equivalent for Gaussian Variables},
  author = {Barnett, Lionel and Barrett, Adam B. and Seth, Anil K.},
  journal = {Phys. Rev. Lett.},
  volume = {103},
  issue = {23},
  pages = {238701},
  numpages = {4},
  year = {2009},
  month = {Dec},
  publisher = {American Physical Society},
  doi = {10.1103/PhysRevLett.103.238701},
  url = {http://link.aps.org/doi/10.1103/PhysRevLett.103.238701}
}


@article{Amblard2012,
AUTHOR = {Amblard, Pierre-Olivier and Michel, Olivier J. J.},
TITLE = {The Relation between Granger Causality and Directed Information Theory: A Review},
JOURNAL = {Entropy},
VOLUME = {15},
YEAR = {2012},
NUMBER = {1},
PAGES = {113},
URL = {http://www.mdpi.com/1099-4300/15/1/113},
ISSN = {1099-4300},
DOI = {10.3390/e15010113}
}

@article{Lungarella2007,
author = {LUNGARELLA, M. and ISHIGURO, K. and KUNIYOSHI, Y. and OTSU, N.},
title = {METHODS FOR QUANTIFYING THE CAUSAL STRUCTURE OF BIVARIATE TIME SERIES},
journal = {International Journal of Bifurcation and Chaos},
volume = {17},
number = {03},
pages = {903-921},
year = {2007},
doi = {10.1142/S0218127407017628},
URL = {http://www.worldscientific.com/doi/abs/10.1142/S0218127407017628},
eprint = {http://www.worldscientific.com/doi/pdf/10.1142/S0218127407017628}
}

@article{Hlavackova2007,
title = "Causality detection based on information-theoretic approaches in time series analysis ",
journal = "Physics Reports ",
volume = "441",
number = "1",
pages = "1 - 46",
year = "2007",
note = "",
issn = "0370-1573",
doi = "http://dx.doi.org/10.1016/j.physrep.2006.12.004",
url = "http://www.sciencedirect.com/science/article/pii/S0370157307000403",
author = "Katerina Hlaváčková-Schindler and Milan Paluš and Martin Vejmelka and Joydeep Bhattacharya",
keywords = "Causality",
keywords = "Entropy",
keywords = "Mutual information",
keywords = "Estimation "
}
